@Misc{PEMFC,
  howpublished = {\url{https://www.researchgate.net/figure/The-schematic-of-the-MEA-in-a-PEMFC-composed-of-the-proton-conducting-electrolyte-layer_fig21_263036747}},
  note         = {Accesed 18.06.2023},
  title        = {Aufbau einer PEMFC},
}

@Misc{BZ-Folien,
  howpublished = {\url{https://moodle.htw-berlin.de/pluginfile.php/1468993/mod_resource/content/4/4.%20Brennstoffzelle.pdf}},
  note         = {Accesed 18.06.2023},
  title        = {Foliensatz zu Brennstofzellen von Frau Prof. Dr. Laß-Seyoum},
}

@Misc{Faraday_G,
  howpublished = {\url{https://www.chemie.de/lexikon/Faradaysche_Gesetze.html}},
  note         = {Accesed 18.06.2023},
  title        = {Faraday'schen Gesetze},
}

@Misc{dH-H2,
  howpublished = {\url{https://www.fluessiggas1.de/heizwert-brennwert/}},
  note         = {Accessed 21.06.2023},
  title        = {Brennwert von Gasen},
}

@Misc{Gaskonstante,
  howpublished = {\url{https://www.chemie.de/lexikon/Universelle_Gaskonstante.html}},
  note         = {Accessed 21.06.2023},
  title        = {Universelle Geskonstante},
}

@Misc{Anleitung,
  howpublished = {\url{https://moodle.htw-berlin.de/pluginfile.php/1749686/mod_resource/content/3/VersH2Nexa%2020230426.docx.pdf}},
  note         = {Accessed 30.06.2023},
  title        = {Versuchsanleitung: Wasserstoff als Energieträger - Automatisiertes Brennstoffzellensystem},
  }

@Comment{jabref-meta: databaseType:bibtex;}
