@Misc{Anleitung,
  howpublished = {\url{https://moodle.htw-berlin.de/pluginfile.php/1791608/mod_resource/content/0/Windlab_2_Laboranleitung_230523.pdf}},
  note         = {Accesed 29.05.2023-11:32},
  title        = {Versuchsanleitung: Windlabor},
}
@Comment{jabref-meta: databaseType:bibtex;}
