@Misc{Laboranleitung,
  howpublished = {\url{https://moodle.htw-berlin.de/pluginfile.php/1749734/mod_resource/content/3/Anleitung%20PV-Insel%2020230427.pdf}},
  note         = {Accesed 06.05.2023-21:09},
  title        = {Labor Regenarative Energien - Zusammenwirken und Energiebilanzen in dezentralen speichergestützten Photovoltaik-Anlagen},
}
@Misc{Test123,
  howpublished = {\url{https://moodle.htw-berlin.de/pluginfile.php/1749734/mod_resource/content/3/Anleitung%20PV-Insel%2020230427.pdf}},
  note         = {Accesed 06.05.2023-21:09},
  title        = {Labor Regenarative Energien - Zusammenwirken und Energiebilanzen in dezentralen speichergestützten Photovoltaik-Anlagen},
}