@Misc{Wiki-Seebeck,
  howpublished = {\url{https://de.wikipedia.org/wiki/Thermoelektrizität#Seebeck-Effekt}},
  note         = {Accesed 23-04-30-14:01},
  title        = {Thermoelektrizität},
}

@Comment{jabref-meta: databaseType:bibtex;}
