@Misc{Anleitung-WP,
  title   = {Versuchsanleitung: Wärmpepumpe},
  author  = {Prof. Dr.-Ing. P. Bittrich; M.sc. S. Kupzok},
  edition = {Version mit aktualisierter Auswertung vom 17.05.2022},
  howpublished = {\url{https://moodle.htw-berlin.de/pluginfile.php/1749695/mod_resource/content/8/Anleitung%20%20Wärmepumpe%20Wolf%2017_5_22.pdf}},
  note         = {Zugriff: 24.06.2023-13:11},
}
@Misc{DDT-R410A,
  title   = {Dampfdrucktabelle: R 410A},
  author  = {TEGA – Technische Gase und Gasetechnik GmbH},
  edition = {Überarbeitet 08.01.2020},
  howpublished = {\url{https://www.tega.de/fileadmin/Downloads_und_Bilder/kaeltemittel/H-FKW/Dampfdrucktabellen_DE/R_410A_pT_DE.pdf}},
  note         = {Zugriff: 24.06.2023-13:21},
}