@Misc{Wiki-Seebeck,
  howpublished = {\url{https://de.wikipedia.org/wiki/Thermoelektrizität#Seebeck-Effekt}},
  note         = {Accesed 30.04.2023-14:01},
  title        = {Thermoelektrizität},
}

@Misc{SMA_Q-Auslegung,
  howpublished = {\url{https://www.sma.de/partner/expertenwissen/sma-verschiebt-die-phase}},
  note         = {Accesed 02.05.2023-11:29},
  title        = {Warum Blindleistung wichtig und richtig ist},
}

@Misc{Anleitung,
  howpublished = {\url{https://moodle.htw-berlin.de/pluginfile.php/1749661/mod_resource/content/1/Lab2_Versuch%202_1_Pelton_2020_10_20.pdf}},
  note         = {Accesed 18.05.2023-11:29},
  title        = {Versuchsanleitung: "Wasserkraft – hydraulische Anlage
und Pelton-Turbine"},
}
@Comment{jabref-meta: databaseType:bibtex;}
