@Misc{Wiki-Seebeck,
  howpublished = {\url{https://de.wikipedia.org/wiki/Thermoelektrizität#Seebeck-Effekt}},
  note         = {Accesed 30.04.2023-14:01},
  title        = {Thermoelektrizität},
}

@Misc{Laboranleitung,
  howpublished = {\url{https://moodle.htw-berlin.de/pluginfile.php/1749724/mod_resource/content/0/Versuchsanleitung%20PV-Batterie.pdf}},
  note         = {Accesed 11.06.2023 21:00},
  title        = {Versuchsanleitung PV-Batterie},
}



@Comment{jabref-meta: databaseType:bibtex;}
